@misc{banerjee2014_emnlp,
	author    = {Banerjee, Ritwik  and  Feng, Song  and  Kang, Jun Seok  and  Choi, Yejin},
	title     = {Keystroke Patterns as Prosody in Digital Writings: A Case Study with Deceptive Reviews and Essays},
	booktitle = {Proceedings of the 2014 Conference on Empirical Methods in Natural Language Processing (EMNLP)},
	month     = {October},
	year      = {2014},
	address   = {Doha, Qatar},
	publisher = {Association for Computational Linguistics},
	pages     = {1469--1473},
	url       = {http://www.aclweb.org/anthology/D14-1155}
}
@misc{richards_young_2018,
author = {Jay Richards Young},
title = {Keystroke Dynamics: Utilizing Keyprint},
Biometrics to Identify Users in Online Courses},
month     = {February},
year      = {2018}
}
@misc{duda2001_patternClass,
	author    = {R. O. Duda, P. E. Hart, and D. G. Stork.},
	title     = {Pattern Classification},
	year      = {2001},
	publisher = {John Wiley & Sons, Inc.},
}